@article{Mangini_2023,
	doi = {10.1111/ecpo.12244},
	url = {https://doi.org/10.1111%2Fecpo.12244},
	year = 2023,
	month = {may},
	publisher = {Wiley},
	author = {Michael-David Mangini},
	title = {Escape from tariffs: The political economies of protection and classification},
	journal = {Economics {\&}amp$\mathsemicolon$ Politics}
}