@article{Mangini_2023,
	doi = {10.1177/00220027231191530},
	url = {https://doi.org/10.1177%2F00220027231191530},
	year = 2023,
	month = {jul},
	publisher = {{SAGE} Publications},
	author = {Michael-David Mangini},
	title = {The Economic Coercion Trilemma},
	journal = {Journal of Conflict Resolution}
}